<record xmlns:xsi="http://www.w3.org/2001/XMLSchema-instance" xmlns="http://www.loc.gov/MARC21/slim" xsi:schemaLocation="http://www.loc.gov/MARC21/slim http://www.loc.gov/standards/marcxml/schema/MARC21slim.xsd">

  <leader>00735nam a2200193   4500</leader>
  <datafield ind1=" " tag="999" ind2=" ">
    <subfield code="c">3538</subfield>
    <subfield code="d">3538</subfield>
  </datafield>
  <controlfield tag="008">180712b2018    cr ||||| |||| 00| | spa d</controlfield>
  <datafield ind2=" " ind1=" " tag="020">
    <subfield code="a">9789968527460</subfield>
  </datafield>
  <datafield ind2=" " ind1=" " tag="090">
    <subfield code="a">18.01.01</subfield>
    <subfield code="b">2384</subfield>
  </datafield>
  <datafield tag="100" ind1=" " ind2=" ">
    <subfield code="9">715</subfield>
    <subfield code="a">Cordero Cordero, Teresita </subfield>
    <subfield code="e">Compilador/a</subfield>
  </datafield>
  <datafield ind2="0" tag="245" ind1="1">
    <subfield code="a">Discusiones sobre investigación y epistemología de género en la ciencia y la tecnología /</subfield>
    <subfield code="c">Compilado por Teresita Cordero Cordero</subfield>
  </datafield>
  <datafield ind2=" " tag="260" ind1=" ">
    <subfield code="a">San José, Costa Rica :</subfield>
    <subfield code="b">INIE,</subfield>
    <subfield code="c">2018</subfield>
  </datafield>
  <datafield ind2=" " tag="300" ind1=" ">
    <subfield code="a">369 páginas</subfield>
  </datafield>
  <datafield ind2=" " tag="490" ind1=" ">
    <subfield code="a">Colección Yigüirro</subfield>
  </datafield>
  <datafield ind1=" " tag="611" ind2="4">
    <subfield code="9">4027</subfield>
    <subfield code="a"> CONGRESO IBEROAMERICANO DE CIENCIA, TECNOLOGÍA Y GÉNERO (11 : 2016 : SAN JOSE, COSTA RICA)</subfield>
  </datafield>
  <datafield ind2="4" ind1="1" tag="650">
    <subfield code="9">37</subfield>
    <subfield code="a">CIENCIA Y TECNOLOGÍA </subfield>
  </datafield>
  <datafield ind1="1" tag="650" ind2="4">
    <subfield code="9">69</subfield>
    <subfield code="a">GÉNERO</subfield>
  </datafield>
  <datafield tag="650" ind1="1" ind2="4">
    <subfield code="9">55</subfield>
    <subfield code="a">MUJERES</subfield>
  </datafield>
  <datafield tag="942" ind1=" " ind2=" ">
    <subfield code="2">z</subfield>
    <subfield code="c">01</subfield>
  </datafield>
</record>